<?xml version="1.0" encoding="UTF-8"?><record xmlns="http://www.loc.gov/MARC21/slim" xmlns:cinclude="http://apache.org/cocoon/include/1.0" xmlns:zs="http://www.loc.gov/zing/srw/">
  <leader>00726cz  a2200145n  4500</leader>
  <controlfield tag="001">no2012160632</controlfield>
  <controlfield tag="003">DLC</controlfield>
  <controlfield tag="005">20130227075156.0</controlfield>
  <controlfield tag="008">121221n| acannaabn          |n aaa     c</controlfield>
  <datafield tag="010" ind1=" " ind2=" ">
    <subfield code="a">no2012160632</subfield>
  </datafield>
  <datafield tag="035" ind1=" " ind2=" ">
    <subfield code="a">(OCoLC)oca09371826</subfield>
  </datafield>
  <datafield tag="040" ind1=" " ind2=" ">
    <subfield code="a">OAkU-MCU</subfield>
    <subfield code="b">eng</subfield>
    <subfield code="c">OAkU-MCU</subfield>
    <subfield code="d">OAkU-MCU</subfield>
  </datafield>
  <datafield tag="100" ind1="1" ind2=" ">
    <subfield code="a">Corrêa, Sérgio Oliveira de Vasconcellos.</subfield>
    <subfield code="t">Moacaretá</subfield>
  </datafield>
  <datafield tag="670" ind1=" " ind2=" ">
    <subfield code="a">Corrêa, S.O. de V. Moacaretá, 1979:</subfield>
    <subfield code="b">cover (Moacaretá : cinco temas indigenas para 4 flautas doces; mvts.: Música instrumental da tribo Tukano -- Dança dos Miranhas I -- Dança dos Miranhas II -- Auãn -- Fuga)</subfield>
  </datafield>
  <datafield tag="670" ind1=" " ind2=" ">
    <subfield code="a">Sérgio O. de Vasconcellos Corrêa : catálogo de obras, 1976:</subfield>
    <subfield code="b">quarteto (1974: Moacaretá : cantos indígenas; 4 flautas doces)</subfield>
  </datafield>
</record>